@Unpublished{Skands_SLHA,
     author    = "Skands, P.",
     title     = "{SUSY Les Houches Accord}",
     note      = "\url{http://home.fnal.gov/~skands/slha/}"
}

@Article{Mahmoudi:2010iz,
     author    = "Mahmoudi, F. and others",
     title     = "{Flavour Les Houches Accord: Interfacing Flavour related
                  Codes}",
     year      = "2010",
     eprint    = "1008.0762",
     archivePrefix = "arXiv",
     primaryClass  =  "hep-ph",
     SLACcitation  = "%%CITATION = 1008.0762;%%"
}

@Article{Allanach:2008qq,
     author    = "Allanach, B. and others",
     title     = "{SUSY Les Houches Accord 2}",
     journal   = "Comp. Phys. Commun.",
     volume    = "180",
     year      = "2009",
     pages     = "8-25",
     eprint    = "0801.0045",
     archivePrefix = "arXiv",
     primaryClass  =  "hep-ph",
     doi       = "10.1016/j.cpc.2008.08.004",
     SLACcitation  = "%%CITATION = 0801.0045;%%"
}

@Article{Skands:2003cj,
     author    = "Skands, P. and others",
     title     = "{SUSY Les Houches Accord: Interfacing SUSY spectrum
                  calculators, decay  packages, and event generators}",
     journal   = "JHEP",
     volume    = "07",
     year      = "2004",
     pages     = "036",
     doi       = "DOI:10.1088/1126-6708/2004/07/036",
     eprint    = "hep-ph/0311123",
     archivePrefix = "arXiv",
     SLACcitation  = "%%CITATION = HEP-PH/0311123;%%"
}
